@inbook{pep_math_1A,
    title        = {义务教育教科书\ 数学一年级上册},
    author       = {人民教育出版社\ 课程教材研究所},
    year         = {2024},
    publisher    = {人民教育出版社},
    pages        = {6--7},
    url          = {https://book.pep.com.cn/1221001101121/mobile/index.html}
}

@book{dantzig2007number,
    title={Number: The Language of Science},
    author={Dantzig, T. and Mazur, J.},
    isbn={9780452288119},
    lccn={2004113654},
    series={A Plume book},
    url={https://books.google.co.kr/books?id=Pg_RKtlVlNMC},
    year={2007},
    publisher={Penguin Publishing Group}
}
